<?xml version="1.0" encoding="UTF-8"?><collection xmlns="http://www.loc.gov/MARC21/slim"><record><leader>00572nam--2200181-i-4500</leader><controlfield tag="001">000023669</controlfield><controlfield tag="002">20161230</controlfield><controlfield tag="005">20161230201035</controlfield><controlfield tag="008">060222s1000------------r-----000-0-eng-d</controlfield><datafield ind1=" " ind2=" " tag="040"><subfield code="a">IFIN-HH</subfield></datafield><datafield ind1=" " ind2=" " tag="080"><subfield code="a">539.184.2</subfield></datafield><datafield ind1="1" ind2=" " tag="100"><subfield code="a">Grotrian, W</subfield></datafield><datafield ind1="1" ind2="0" tag="245"><subfield code="a">Graphische darstellung der spektren von atomen und ionen mit ein, zwei und drei valenzelektronen</subfield><subfield code="c">W. grotrian</subfield></datafield><datafield ind1=" " ind2=" " tag="260"><subfield code="a">Berlin</subfield><subfield code="b">Verlag Von Julius Springer</subfield><subfield code="c">1928</subfield></datafield><datafield ind1=" " ind2=" " tag="300"><subfield code="a">XIII+245P</subfield></datafield><datafield ind1=" " ind2=" " tag="490"><subfield code="a">Struktur Der Materie In Einzeldarstellungen</subfield><subfield code="v">Vol. Vii</subfield></datafield><datafield ind1=" " ind2=" " tag="852"><subfield code="a">455</subfield><subfield code="c">535.33</subfield></datafield><datafield ind1=" " ind2=" " tag="CAT"><subfield code="a">Sys</subfield><subfield code="c">20130321</subfield><subfield code="h">174054</subfield></datafield></record></collection>